@misc{Lichman:2013,
author = "M. Lichman",
year = "2013",
title = "{UCI} Machine Learning Repository",
url = "http://archive.ics.uci.edu/ml",
institution = "University of California, Irvine, School of Information and Computer Sciences" }

@misc{heartDiseaseZ,
  author       = {William Steinbrunn, M.D.}, 
  title        = {Heart Disease Data Set},
  howpublished = {\url{http://archive.ics.uci.edu/ml/datasets/Heart+Disease}},
  note         = {University Hospital, Zurich, Switzerland}
}

@misc{heartDiseaseH,
  author       = {Andras Janosi, M.D.}, 
  title        = {Heart Disease Data Set},
  howpublished = {\url{http://archive.ics.uci.edu/ml/datasets/Heart+Disease}},
  note         = {Hungarian Institute of Cardiology. Budapest}
}

@misc{heartDiseaseB,
  author       = {Matthias Pfisterer, M.D.}, 
  title        = {Heart Disease Data Set},
  howpublished = {\url{http://archive.ics.uci.edu/ml/datasets/Heart+Disease}},
  note         = {University Hospital, Basel, Switzerland}
}

@misc{heartDiseaseC,
  author       = {Robert Detrano, M.D., Ph.D.}, 
  title        = {Heart Disease Data Set},
  howpublished = {\url{http://archive.ics.uci.edu/ml/datasets/Heart+Disease}},
  note         = {V.A. Medical Center, Long Beach and Cleveland Clinic Foundation}
}

@ARTICLE{2016arXiv160502688short,
   author = {{Theano Development Team}},
    title = "{Theano: A {Python} framework for fast computation of mathematical expressions}",
  journal = {arXiv e-prints},
   volume = {abs/1605.02688},
 primaryClass = "cs.SC",
 keywords = {Computer Science - Symbolic Computation, Computer Science - Learning, Computer Science - Mathematical Software},
     year = 2016,
    month = may,
      url = {http://arxiv.org/abs/1605.02688},
}

@article{erhan2010does,
  title={Why does unsupervised pre-training help deep learning?},
  author={Erhan, Dumitru and Bengio, Yoshua and Courville, Aaron and Manzagol, Pierre-Antoine and Vincent, Pascal and Bengio, Samy},
  journal={Journal of Machine Learning Research},
  volume={11},
  number={Feb},
  pages={625--660},
  year={2010}
}

@article{bengio2007greedy,
  title={Greedy layer-wise training of deep networks},
  author={Bengio, Yoshua and Lamblin, Pascal and Popovici, Dan and Larochelle, Hugo and others},
  journal={Advances in neural information processing systems},
  volume={19},
  pages={153},
  year={2007},
  publisher={MIT; 1998}
}

@article{bengio2009learning,
  title={Learning deep architectures for AI},
  author={Bengio, Yoshua and others},
  journal={Foundations and trends{\textregistered} in Machine Learning},
  volume={2},
  number={1},
  pages={1--127},
  year={2009},
  publisher={Now Publishers, Inc.}
}